<?xml version="1.0" encoding="UTF-8"?><collection xmlns="http://www.loc.gov/MARC21/slim"><record><leader>00572nam--2200181-i-4500</leader><controlfield tag="001">000014298</controlfield><controlfield tag="002">20161230</controlfield><controlfield tag="005">20161230201030</controlfield><controlfield tag="008">060222s1000------------r-----000-0-eng-d</controlfield><datafield ind1=" " ind2=" " tag="040"><subfield code="a">IFIN-HH</subfield></datafield><datafield ind1=" " ind2=" " tag="080"><subfield code="a">539.126.6</subfield></datafield><datafield ind1="1" ind2=" " tag="100"><subfield code="a">Lichtenberg, Don B</subfield></datafield><datafield ind1="1" ind2="0" tag="245"><subfield code="a">Developments in the quark theory of hadrons. a reprint collection. volume 1: 1964-1978</subfield><subfield code="c">Don b. lichtenberg, s. peter rosen (eds.)</subfield></datafield><datafield ind1=" " ind2=" " tag="260"><subfield code="a">Nonantum, Massachusetts</subfield><subfield code="b">Hadronic Press, Inc</subfield><subfield code="c">1980</subfield></datafield><datafield ind1=" " ind2=" " tag="300"><subfield code="a">508P</subfield></datafield><datafield ind1="1" ind2=" " tag="700"><subfield code="a">Rosen, S. Peter</subfield><subfield code="e">Ed</subfield></datafield><datafield ind1=" " ind2=" " tag="852"><subfield code="a">70477</subfield><subfield code="c">539.12</subfield></datafield><datafield ind1=" " ind2=" " tag="CAT"><subfield code="a">Sys</subfield><subfield code="c">20111209</subfield><subfield code="h">092334</subfield></datafield></record></collection>